


@article{krausz2009,
  title = {Attosecond physics},
  author = {Krausz, Ferenc and Ivanov, Misha},
  journal = {Rev. Mod. Phys.},
  volume = {81},
  number = {1},
  pages = {163--234},
  year = {2009},
  doi = {10.1103/RevModPhys.81.163},
}





